<?xml version="1.0" encoding="UTF-8"?><record xmlns="http://www.loc.gov/MARC21/slim" xmlns:cinclude="http://apache.org/cocoon/include/1.0" xmlns:zs="http://www.loc.gov/zing/srw/">
  <leader>00816nz  a2200157n  4500</leader>
  <controlfield tag="001">no 97009011 </controlfield>
  <controlfield tag="003">DLC</controlfield>
  <controlfield tag="005">19970212063007.7</controlfield>
  <controlfield tag="008">970211n| acannaab|          |a ana      </controlfield>
  <datafield tag="010" ind1=" " ind2=" ">
    <subfield code="a">no 97009011 </subfield>
  </datafield>
  <datafield tag="035" ind1=" " ind2=" ">
    <subfield code="a">(OCoLC)oca04268159 </subfield>
  </datafield>
  <datafield tag="040" ind1=" " ind2=" ">
    <subfield code="a">DLC-S</subfield>
    <subfield code="c">DLC-S</subfield>
  </datafield>
  <datafield tag="110" ind1="1" ind2="0">
    <subfield code="a">Bahrain.</subfield>
    <subfield code="b">Shuʼūn al-Takhṭīṭ al-Mālī wa-al-Mīzānīyah</subfield>
  </datafield>
  <datafield tag="410" ind1="1" ind2="0">
    <subfield code="a">Bahrain.</subfield>
    <subfield code="b">Takhṭīṭ al-Mālī wa-al-Mīzānīyah, Shuʼūn al-</subfield>
  </datafield>
  <datafield tag="410" ind1="1" ind2="0">
    <subfield code="a">Bahrain.</subfield>
    <subfield code="b">Wizārat al-Mālīyah wa-al-Iqtiṣād al-Waṭanī.</subfield>
    <subfield code="b">Shuʼūn al-Takhṭīṭ al-Mālī wa-al-Mīzānīyah</subfield>
  </datafield>
  <datafield tag="670" ind1=" " ind2=" ">
    <subfield code="a">Bahrain. al-Mīzānīyah al-ʻāmmah lil-dawlah lil-sanah al-Mālīyah ... 1986:</subfield>
    <subfield code="b">t.p. (Dawlat al-Baḥrayn, Wizārat al-Mālīyah wa-al-Iqtiṣād al-Waṭanī, Shuʼūn al-Takhṭīṭ al-Mālī wa-al-Mīzānīyah)</subfield>
  </datafield>
</record>